@booklet{latexWikibook,
    title = {LaTeX Wikibook},
    howpublished = {\url{https://en.wikibooks.org/wiki/LaTeX}}
}

@misc{latexTitle,
    title = {LaTeX Title creation},
    howpublished = {\url{https://en.wikibooks.org/wiki/LaTeX/Title_Creation}}
}

@misc{latexTOC,
    title = {LaTeX Table of contents},
    howpublished = {\url{https://en.wikibooks.org/wiki/LaTeX/Document_Structure}}
}

@misc{latexLists,
    title = {LaTeX List structures},
    howpublished = {\url{https://en.wikibooks.org/wiki/LaTeX/List_Structures}}
}

@misc{latexFigures,
    title = {LaTeX Figures},
    howpublished = {\url{https://en.wikibooks.org/wiki/LaTeX/Floats,_Figures_and_Captions}}
}

@misc{latexTables,
    title = {LaTeX Tables},
    howpublished = {\url{https://en.wikibooks.org/wiki/LaTeX/Tables}}
}

@misc{latexMath,
    title = {LaTeX Mathematics},
    howpublished = {\url{https://en.wikibooks.org/wiki/LaTeX/Mathematics}}
}

@misc{latexBib,
    title = {LaTeX Bibliography},
    howpublished = {\url{https://en.wikibooks.org/wiki/LaTeX/Bibliography_Management}}
}

@Article{arikan2009channel,
    journal = {IEEE Transactions on Information Theory},
    volume = 55,
    number = 7,
    month = {July},
    year = 2009,
    author = {E. Arikan},
    title = {Channel Polarization: A Method for Constructing Capacity-Achieving Codes for Symmetric Binary-Input Memoryless Channels },
    pages = {3051--3073}
}

@article{zinoviev1976generalized,
    author = {В.А. Зиновьев},
    title = {Обобщенные каскадные коды},
    journal = {Проблем передачи информации},
    year = {1976},
    volume = {12},
    issue = {1},
    pages = {5--15}
}
